@book{dorf2011modern,
  	author		= {Richar C. Dorf and Robert H. Bishop},
  	title		= {Modern control systems},
  	subtitle	= {},
  	publisher	= {Pearson Education, Inc},
	edition		= {12ª},
	address		= {New Jersey},
	year		= {2011}
}

@book{nise2009engenharia,
	author		= {Norman Nise},
  	title		= {Engenharia de sistemas de controle},
	subtitle	= {},
	publisher	= {LTC},
	edition		= {3ª},
	address		= {Califórnia},
	year		= {2009}
}

@book{Ogata,
	author 		= {Katsuhiko Ogata},
	title 		= {Modern Control Engineering},
	subtitle	= {},
	publisher 	= {Prentice Hall, Pearson Education, Inc},
	edition 	= {5ª},
 	address		= {New Jersey},
	year 		= {2010}
}

@book{JairJoaoGermano,
	author 		= {Jair Minoro Abe and João Inácio da Silva Filho and Germano Lambert Torres},
	title 		= {Inteligência Artificial com as Redes de Análise Paraconsistentes. },
	subtitle	= {Teoria e Aplicação},
	publisher 	= {LTC},
	edition 	= {1ª},
 	address		= {},
	year 		= {2008}
}


@mastersthesis{Ferreira2012,
	author		= {Cesar Ferreira},
	title		= { Estudo Comparativo entre as 
			  Técnicas de Controle 
			  Fuzzy, PI e Adaptativo Aplicado ao
			  Processo de Fabricação de Papel Reciclado 
			  Utilizando a Ferramenta Delta Tune},
	address		= {Paraná},
	school		= {Universidade Estadual de Londrina },
	year		= {2009}
}

@mastersthesis{Vander,
	author		= {Vander Celio Nunes},
	title		= { Aplicação da 
			  Lógica Paraconsistente Anotada 
			  de anotação com dois valores - LPA2v em 
			  tomada de decisão de um 
			  Manipulador Robótico Industrial no 
			  processo de paletização },
	address		= {Santos},
	school		= {Universidade Santa Cecília },
	year		= {2015}
}

@mastersthesis{Marcelo,
	author		= {Marcelo Saraiva Coelho},
	title		= { Controle PI Híbrido com 
			  Lógica Paraconsistente aplicado 
			  em malha de controle de 
			  nível em vaso pressurizado},
	address		= {Santos},
	school		= {Universidade Santa Cecília },
	year		= {2015}
}

@phdthesis{Gomes2013,
	author		= {Evandro Luís Gomes},
	title		= {Sobre a história da paraconsistência e a 
			  obra de da Costa: a istauração da Lógica 
		          Paraconsistente},
	school		= {Instituto de Filosofia e Ciências Humanas - 
			  Universidade Estadual de Campinas},
	address		= {Campinas},
	year		= {2013}
}

@article{JoaoInacio,
	author		= {João Inácio {DA SILVA FILHO}},
	title		= {Métodos de Aplicações da Lógica Paraconsistente 
			  Anotada de anotação com dois valores-LPA2v },
	journal 	= {Revista Seleção Documental},
	address		= {Santos},
	month		= {Março},
	year		= {2006},
	volume		= {1},
	number		= {1},
	pages		= {18-25}
}

@article{DecioKrause,
	author 		= {Décio Krause},
	title 		= {Lógica Paraconsistente},
	journal		= {Scientific American Brasil},
	address		= {São Paulo},
	month		= {Nov},
	year 		= {2004},
	volume		= {},
	number		= {30},
	pages		= {70-77}
}


@proceedings{trendsinlogic,
	conference 	= {Trends In Logic XVI - 
		  	  Studia Logica International Conference},
	cnumber		= {16},
	cyear		= {2016},
	cadrress	= {Campinas},
	title		= {Consistency, Constradiction, Paraconsistency, and 
			  Reasoning - 40 year of CLE},
	editor		= {J. Bueno-Soler and W. Carnielli and R. Testa},
	address		= {Campinas, São Paulo - Brazil},
	publisher	= {Center for Logic, Epistemology and the History of Science},
	howpublished 	= {\url{https://www.cle.unicamp.br/trendsxvi/index.html}},
	year		= {2016}
}


@article{JISF2011,
	author		= {João Inácio {DA SILVA FILHO} and 
			  Jair Minoro Abe},
	title		= {Aspectos de Lógica e Teoria da Ciência:
			  Pesquisa e Métodos de Aplicações da 
			  Lógica Paraconsistente Anotada em
			  Sistemas de Inteligência Artificial },
	journal 	= {Instituto de Estudos Avançados da 
			  Universidade de São Paulo},
	address		= {São Paulo},
	month		= { },
	year		= {2011},
	volume		= { },
	number		= { },
	pages		= {50-83}
}


@article{FabioIsraelJair,
	author		= {Fábio Romeu de Carvalho and 
			  Israel Brunstein and
			  Jair Minoro Abe},
	title		= {Um Estudo de Tomada de Decisão 
			  Baseado em Lógica Paraconsistente Anotada: 
			  Avaliação do Projeto de uma Fábrica },
	journal 	= {Revista Pesquisa e Desenvolvimento 
			  Engenharia de Produção},
	address		= {São Paulo},
	month		= {Dez},
	year		= {2003},
	volume		= { },
	number		= {1},
	pages		= {47-62}
}




